<record><leader>00000cas a2200000 a 4500</leader><controlfield tag="001">14756582</controlfield><controlfield tag="008">861117d1849185umiudn ne      0    0eng c</controlfield><datafield ind1=" " ind2=" " tag="010"><subfield code="a">sn 86053889 </subfield></datafield><datafield ind1=" " ind2=" " tag="040"><subfield code="a">NPX</subfield><subfield code="b">eng</subfield><subfield code="c">NPX</subfield><subfield code="d">MGN</subfield><subfield code="d">MHN</subfield><subfield code="d">OCL</subfield><subfield code="d">OCLCQ</subfield><subfield code="d">OCLCF</subfield><subfield code="d">OCLCO</subfield></datafield><datafield ind1="1" ind2=" " tag="029"><subfield code="a">AU@</subfield><subfield code="b">000004990766</subfield></datafield><datafield ind1=" " ind2=" " tag="042"><subfield code="a">pcc</subfield></datafield><datafield ind1=" " ind2=" " tag="043"><subfield code="a">n-us-mi</subfield></datafield><datafield ind1="0" ind2="0" tag="245"><subfield code="a">Detroit evening tribune.</subfield></datafield><datafield ind1="3" ind2=" " tag="246"><subfield code="a">Detroit daily evening tribune</subfield></datafield><datafield ind1=" " ind2=" " tag="260"><subfield code="a">Detroit [Mich.] :</subfield><subfield code="b">Geo. E. Pomeroy &amp; Co.</subfield></datafield><datafield ind1=" " ind2=" " tag="300"><subfield code="a">v.</subfield></datafield><datafield ind1=" " ind2=" " tag="310"><subfield code="a">Daily (except Sun.)</subfield></datafield><datafield ind1="1" ind2=" " tag="362"><subfield code="a">Began in 1849?</subfield></datafield><datafield ind1=" " ind2=" " tag="500"><subfield code="a">Editor: Joseph Warren, &lt;1854&gt;.</subfield></datafield><datafield ind1=" " ind2=" " tag="500"><subfield code="a">The word daily appears in the title on masthead, &lt;Aug. 2, 1854&gt;-</subfield></datafield><datafield ind1=" " ind2=" " tag="580"><subfield code="a">Other eds. available: Detroit daily tribune (Detroit, Mich. : 1849); Detroit weekly tribune (Detroit, Mich. : 1849); and: Detroit tri-weekly tribune.</subfield></datafield><datafield ind1=" " ind2=" " tag="588"><subfield code="a">Description based on: Vol. 5, no. 74 (Feb. 15, 1854).</subfield></datafield><datafield ind1=" " ind2="0" tag="651"><subfield code="a">Detroit (Mich.)</subfield><subfield code="v">Newspapers.</subfield></datafield><datafield ind1=" " ind2="0" tag="651"><subfield code="a">Wayne County (Mich.)</subfield><subfield code="v">Newspapers.</subfield></datafield><datafield ind1=" " ind2="7" tag="655"><subfield code="a">Newspapers.</subfield><subfield code="2">fast</subfield><subfield code="0">(OCoLC)fst01423814</subfield></datafield><datafield ind1=" " ind2="7" tag="651"><subfield code="a">Michigan</subfield><subfield code="z">Detroit.</subfield><subfield code="2">fast</subfield><subfield code="0">(OCoLC)fst01205010</subfield></datafield><datafield ind1=" " ind2="7" tag="651"><subfield code="a">Michigan</subfield><subfield code="z">Wayne County.</subfield><subfield code="2">fast</subfield><subfield code="0">(OCoLC)fst01206628</subfield></datafield><datafield ind1=" " ind2=" " tag="752"><subfield code="a">United States</subfield><subfield code="b">Michigan</subfield><subfield code="c">Wayne</subfield><subfield code="d">Detroit.</subfield></datafield><datafield ind1="1" ind2=" " tag="775"><subfield code="t">Detroit daily tribune (Detroit, Mich. : 1849)</subfield><subfield code="w">(DLC)sn 83025256</subfield><subfield code="w">(OCoLC)9356175</subfield></datafield><datafield ind1="1" ind2=" " tag="775"><subfield code="t">Detroit weekly tribune (Detroit, Mich. : 1849)</subfield><subfield code="w">(DLC)sn 83016690</subfield><subfield code="w">(OCoLC)9977633</subfield></datafield><datafield ind1="1" ind2=" " tag="775"><subfield code="t">Detroit tri-weekly tribune</subfield><subfield code="w">(DLC)sn 97070665</subfield><subfield code="w">(OCoLC)38276714</subfield></datafield><datafield ind1="0" ind2="0" tag="785"><subfield code="t">Evening tribune (Detroit, Mich.)</subfield><subfield code="w">(DLC)sn 86053890</subfield><subfield code="w">(OCoLC)14756602</subfield></datafield></record>